@inproceedings{light11,
  author    = {Joseph P. Near and
               Aleksandar Milicevic and
               Eunsuk Kang and
               Daniel Jackson},
  title     = {{A lightweight code analysis and its role in evaluation of
               a dependability case}},
  booktitle = {International Conference on Software Engineering},
  SHORTbooktitle = {ICSE},
  year      = {2011},
  pages     = {31-40},
}

@MISC{oauth-threat,
  title = "{{OAuth 2.0 Threat Model and Security Considerations}}",
  key = "oauth thread model",
  note = "\url{http://tools.ietf.org/html/rfc6819}"
}

@MISC{oauth,
  title = "{{The OAuth 2.0 Authorization Framework}}",
  key = "oauth framework",
  note = "\url{http://tools.ietf.org/html/rfc6749}"
}
